<record><leader>00000cas a2200000 a 4500</leader><controlfield tag="001">17409625</controlfield><controlfield tag="008">880129d19091977wauwr ne      0    0eng d</controlfield><datafield ind1=" " ind2=" " tag="010"><subfield code="a">sn 88085490 </subfield></datafield><datafield ind1=" " ind2=" " tag="040"><subfield code="a">SLZ</subfield><subfield code="b">eng</subfield><subfield code="c">SLZ</subfield><subfield code="d">OCL</subfield><subfield code="d">OCLCQ</subfield><subfield code="d">OCLCF</subfield><subfield code="d">OCLCO</subfield></datafield><datafield ind1="1" ind2=" " tag="029"><subfield code="a">AU@</subfield><subfield code="b">000025819097</subfield></datafield><datafield ind1=" " ind2=" " tag="042"><subfield code="a">msc</subfield></datafield><datafield ind1=" " ind2=" " tag="043"><subfield code="a">n-us-wa</subfield></datafield><datafield ind1="0" ind2=" " tag="130"><subfield code="a">Citizen-journal (Rosalia, Wash.)</subfield></datafield><datafield ind1="1" ind2="4" tag="245"><subfield code="a">The citizen-journal.</subfield></datafield><datafield ind1=" " ind2=" " tag="260"><subfield code="a">Rosalia, Wash. :</subfield><subfield code="b">C.A. Lynch</subfield></datafield><datafield ind1=" " ind2=" " tag="300"><subfield code="a">v.</subfield></datafield><datafield ind1=" " ind2=" " tag="310"><subfield code="a">Weekly</subfield></datafield><datafield ind1="1" ind2=" " tag="362"><subfield code="a">Began in 1909.</subfield></datafield><datafield ind1="0" ind2=" " tag="362"><subfield code="a">-Sept. 30, 1977.</subfield></datafield><datafield ind1=" " ind2=" " tag="588"><subfield code="a">Description based on: Vol. 16, no. 49 (July 18, 1913).</subfield></datafield><datafield ind1=" " ind2="0" tag="651"><subfield code="a">Rosalia (Wash.)</subfield><subfield code="v">Newspapers.</subfield></datafield><datafield ind1=" " ind2="7" tag="655"><subfield code="a">Newspapers.</subfield><subfield code="2">fast</subfield><subfield code="0">(OCoLC)fst01423814</subfield></datafield><datafield ind1=" " ind2="7" tag="651"><subfield code="a">Washington (State)</subfield><subfield code="z">Rosalia.</subfield><subfield code="2">fast</subfield><subfield code="0">(OCoLC)fst01252711</subfield></datafield><datafield ind1=" " ind2=" " tag="752"><subfield code="a">United States</subfield><subfield code="b">Washington</subfield><subfield code="c">Whitman</subfield><subfield code="d">Rosalia.</subfield></datafield><datafield ind1="0" ind2="0" tag="780"><subfield code="t">Rosalia citizen</subfield></datafield><datafield ind1="0" ind2="0" tag="785"><subfield code="t">Standard-register (Rockford, Wash.)</subfield><subfield code="w">(DLC)sn 88085491</subfield></datafield></record>